@article{mrdp,
  author  = "Peter Smith",
  title   = "The MRDP Theorem, March 4 2011",
}
